@ARTICLE{test-pyramid,
	author = {Ville Hartikainen},
	title = {Defining suitable testing levels, methods and practices for an agile web application project},
	howpublished = "\url{https://lutpub.lut.fi/bitstream/handle/10024/161159/mastersthesis_hartikainen_ville.pdf?sequence=1}",
	pages = {18--19},
	year = 2020,
}
